<record><leader>00000cas a2200000 a 4500</leader><controlfield tag="001">35965133</controlfield><controlfield tag="008">961120d1928198umiuwr ne      0    0eng c</controlfield><datafield ind1=" " ind2=" " tag="010"><subfield code="a">sn 96077270 </subfield></datafield><datafield ind1=" " ind2=" " tag="040"><subfield code="a">MHN</subfield><subfield code="b">eng</subfield><subfield code="c">MHN</subfield><subfield code="d">OCL</subfield><subfield code="d">OCLCQ</subfield><subfield code="d">OCLCF</subfield><subfield code="d">OCLCO</subfield></datafield><datafield ind1="1" ind2=" " tag="029"><subfield code="a">AU@</subfield><subfield code="b">000012971703</subfield></datafield><datafield ind1=" " ind2=" " tag="042"><subfield code="a">pcc</subfield></datafield><datafield ind1=" " ind2=" " tag="043"><subfield code="a">n-us-mi</subfield></datafield><datafield ind1="0" ind2="4" tag="245"><subfield code="a">The Oscoda County news.</subfield></datafield><datafield ind1="1" ind2="7" tag="246"><subfield code="a">Mio telegram</subfield></datafield><datafield ind1=" " ind2=" " tag="260"><subfield code="a">Mio, Mich. :</subfield><subfield code="b">[s.n.]</subfield></datafield><datafield ind1=" " ind2=" " tag="300"><subfield code="a">v.</subfield></datafield><datafield ind1=" " ind2=" " tag="310"><subfield code="a">Weekly</subfield></datafield><datafield ind1="0" ind2=" " tag="362"><subfield code="a">47th yr., vol. 47, no. 49 (Dec. 6, 1928)-</subfield></datafield><datafield ind1=" " ind2=" " tag="515"><subfield code="a">Volume number dropped: &lt;Sept. 26, 1929&gt;.</subfield></datafield><datafield ind1=" " ind2="0" tag="651"><subfield code="a">Mio (Mich.)</subfield><subfield code="v">Newspapers.</subfield></datafield><datafield ind1=" " ind2="0" tag="651"><subfield code="a">Oscoda County (Mich.)</subfield><subfield code="v">Newspapers.</subfield></datafield><datafield ind1=" " ind2="7" tag="655"><subfield code="a">Newspapers.</subfield><subfield code="2">fast</subfield><subfield code="0">(OCoLC)fst01423814</subfield></datafield><datafield ind1=" " ind2="7" tag="651"><subfield code="a">Michigan</subfield><subfield code="z">Mio.</subfield><subfield code="2">fast</subfield><subfield code="0">(OCoLC)fst01879988</subfield></datafield><datafield ind1=" " ind2="7" tag="651"><subfield code="a">Michigan</subfield><subfield code="z">Oscoda County.</subfield><subfield code="2">fast</subfield><subfield code="0">(OCoLC)fst01222312</subfield></datafield><datafield ind1=" " ind2=" " tag="752"><subfield code="a">United States</subfield><subfield code="b">Michigan</subfield><subfield code="c">Oscoda</subfield><subfield code="d">Mio.</subfield></datafield><datafield ind1="0" ind2="0" tag="780"><subfield code="t">Mio telegram</subfield><subfield code="w">(DLC)sn 96077269</subfield><subfield code="w">(OCoLC)35957721</subfield></datafield></record>